
@book{Lamport1986,
  author    = {Leslie Lamport},
  title     = {\LaTeX: User's Guide {\&} Reference Manual},
  publisher = {Addison-Wesley},
  year      = {1986},
  isbn      = {0-201-15790-X},
  biburl    = {https://dblp.org/rec/books/aw/Lamport86.bib}
}

@book{GoossensMS1994,
  author    = {Michel Goossens and Frank Mittelbach and Alexander Samarin},
  title     = {The \LaTeX\ companion - includes newly revised \LaTeX\ standard},
  series    = {Programming languages},
  publisher = {Addison-Wesley},
  year      = {1994},
  url       = {https://www.worldcat.org/oclc/247742235},
  isbn      = {0201541998},
  biburl    = {https://dblp.org/rec/books/lib/GoossensMS94.bib}
}

@book{GoossensRM1997,
  author    = {Michel Goossens and Sebastian Rahtz and Frank Mittelbach},
  title     = {The \LaTeX\ graphics companion - illustrating documents with Tex and PostScript},
  series    = {Addison-Wesley series on tools and techniques for computer typesetting},
  publisher = {Addison-Wesley},
  year      = {1997},
  isbn      = {978-0-201-85469-5},
  biburl    = {https://dblp.org/rec/books/daglib/0084089.bib}
}

@book{Klockl2000,
  author    = {Ingo Kl{\"{o}}ckl},
  title     = {\LaTeX\ 2e - Tips und Tricks},
  publisher = {dpunkt.verlag},
  year      = {2000},
  isbn      = {978-3-932588-37-2},
  biburl    = {https://dblp.org/rec/books/daglib/0001084.bib}
}

@book{Dongen2012,
  author    = {Marc R. C. van Dongen},
  title     = {\LaTeX\ and Friends},
  series    = {X.media.publishing},
  publisher = {Springer},
  year      = {2012},
  url       = {https://doi.org/10.1007/978-3-642-23816-1},
  doi       = {10.1007/978-3-642-23816-1},
  isbn      = {978-3-642-23815-4},
  biburl    = {https://dblp.org/rec/books/daglib/0028966.bib}
}

@book{Gratzer2014,
  author    = {George Gr{\"{a}}tzer},
  title     = {Practical \LaTeX},
  publisher = {Springer},
  year      = {2014},
  url       = {https://doi.org/10.1007/978-3-319-06425-3},
  doi       = {10.1007/978-3-319-06425-3},
  isbn      = {978-3-319-06424-6},
  biburl    = {https://dblp.org/rec/books/sp/Gratzer14.bib}
}

@book{Datta2017,
  author    = {Dilip Datta},
  title     = {\LaTeX\ in 24 Hours - {A} Practical Guide for Scientific Writing},
  publisher = {Springer},
  year      = {2017},
  url       = {https://doi.org/10.1007/978-3-319-47831-9},
  doi       = {10.1007/978-3-319-47831-9},
  isbn      = {978-3-319-47830-2},
  biburl    = {https://dblp.org/rec/books/sp/Datta17.bib}
}

